@book{YDing,
author = {Yongwang Ding and Ramesh Harjani},
title = {High-Linearity CMOS RF Front-End Circuits},
date = {2006},
OPTeditor = {editor},                  %-------------------NOTES-------------------%	
OPTeditora = {editora},                %  The tag (here YDing) should be the       %
OPTeditorb = {editorb},                %  [1st letter of the authors 1st name] +   %
OPTeditorc = {editorc},                %  [his last name in camel case].           %
OPTtranslator = {translator},          %  With multiple authors (like here) only   %
OPTannotator = {annotator},            %  use the first one.                       %
OPTcommentator = {commentator},        %  (This is done in order to prevent the    %
OPTintroduction = {introduction},      %  same source appearing twice - should it  %
OPTforeword = {foreword},              %  happen, an error will be generated)      %
OPTafterword = {afterword},            %-------------------------------------------%
OPTsubtitle = {subtitle},              %  Using the auto generated entries         %
OPTtitleaddon = {titleaddon},          %  and filling in as much as possible       %
OPTmaintitle = {maintitle},            %  will make it easier to manage while      %   
OPTmainsubtitle = {mainsubtitle},      %  also avoiding a whole lot of errors.     %
OPTmaintitleaddon = {maintitleaddon},  %-------------------------------------------%
OPTlanguage = {language},
OPToriglanguage = {origlanguage},
OPTvolume = {volume},
OPTpart = {part},
OPTedition = {edition},
OPTvolumes = {volumes},
OPTseries = {series},
OPTnumber = {number},
OPTnote = {note},
OPTpublisher = {publisher},
OPTlocation = {location},
OPTisbn = {9780387238029},
OPTchapter = {chapter},
OPTpages = {pages},
OPTpagetotal = {pagetotal},
OPTaddendum = {addendum},
OPTpubstate = {pubstate},
OPTdoi = {doi},
OPTeprint = {eprint},
OPTeprintclass = {eprintclass},
OPTeprinttype = {eprinttype},
OPTurl = {url},
OPTurldate = {urldate},
}
