@book{YDing,
author = {Yongwang Ding and Ramesh Harjani},
title = {High-Linearity CMOS RF Front-End Circuits},
date = {2006},
OPTeditor = {editor},                  %-------------------NOTES-------------------%	
OPTeditora = {editora},                %  The tag (here YDing) should be the       %
OPTeditorb = {editorb},                %  [1st letter of the authors 1st name] +   %
OPTeditorc = {editorc},                %  [his last name in camel case].           %
OPTtranslator = {translator},          %  With multiple authors (like here) only   %
OPTannotator = {annotator},            %  use the first one.                       %
OPTcommentator = {commentator},        %  (This is done in order to prevent the    %
OPTintroduction = {introduction},      %  same source appearing twice - should it  %
OPTforeword = {foreword},              %  happen, an error will be generated)      %
OPTafterword = {afterword},            %-------------------------------------------%
OPTsubtitle = {subtitle},              %  Using the auto generated entries         %
OPTtitleaddon = {titleaddon},          %  and filling in as much as possible       %
OPTmaintitle = {maintitle},            %  will make it easier to manage while      %   
OPTmainsubtitle = {mainsubtitle},      %  also avoiding a whole lot of errors.     %
OPTmaintitleaddon = {maintitleaddon},  %-------------------------------------------%
OPTlanguage = {language},              %  To compile the bibliography you need the %
OPToriglanguage = {origlanguage},      %  biber.exe file to be in your editors     %
OPTvolume = {volume},                  %  directory. In Windows 8/10 it might not  %
OPTpart = {part},                      %  let you do this, so you need to open     %
OPTedition = {edition},                %  command prompt with administrative       %---------------%
OPTvolumes = {volumes},                %  privileges and write something like:                     %
OPTseries = {series},                  %  C:\>move biber.exe "C:/Program Files (x86)/TeXstudio"    %
OPTnumber = {number},                  %  For mac setup should be relatively                       %
OPTnote = {note},                      %  straightforward, for more information    %---------------%
OPTpublisher = {publisher},            %  google: mac and biber.                   %
OPTlocation = {location},              %------------------------------------------ %
OPTisbn = {9780387238029},
OPTchapter = {chapter},
OPTpages = {pages},
OPTpagetotal = {pagetotal},
OPTaddendum = {addendum},
OPTpubstate = {pubstate},
OPTdoi = {doi},
OPTeprint = {eprint},
OPTeprintclass = {eprintclass},
OPTeprinttype = {eprinttype},
OPTurl = {url},
OPTurldate = {urldate},
}

%% Bibliography for Lawn mower report %%

% Articles %
@article{Miller,
	author 	= {Keith M. Miller},
	title 	= {A Review of GLONASS},
	journaltitle = {Hydrographic Journal},
	year 	= {2000}	
}

% Online %

@online{GOTWebsitePos,
  editor  = {GamesOnTrack A/S},
  title   = {Games on Track GT-Position},
  year    = {2012-2015},
  url     = {http://www.gamesontrack.co.uk/pages/webside.asp?articleGuid=64556}
}

@online{GPSUSWebsiteAccuracy,
  editor  = {USA National Coordination Office for Space-Based Positioning, Navigation, and Timing},
  title   = {GPS Accuracy},
  year    = {2014},
  url     = {http://www.gps.gov/systems/gps/performance/accuracy/}
}